@article{wood:on,
  author    = {David R. Wood},
  title     = {On tree-partition-width},
  journal   = {Eur. J. Comb.},
  volume    = {30},
  number    = {5},
  pages     = {1245--1253},
  year      = {2009},
  url       = {https://doi.org/10.1016/j.ejc.2008.11.010},
  doi       = {10.1016/j.ejc.2008.11.010},
  timestamp = {Fri, 12 Feb 2021 13:41:02 +0100},
  biburl    = {https://dblp.org/rec/journals/ejc/Wood09.bib},
  bibsource = {dblp computer science bibliography, https://dblp.org}
}


@article{ding.oporowski:some,
  author    = {Guoli Ding and
               Bogdan Oporowski},
  title     = {Some results on tree decomposition of graphs},
  journal   = {J. Graph Theory},
  volume    = {20},
  number    = {4},
  pages     = {481--499},
  year      = {1995},
  url       = {https://doi.org/10.1002/jgt.3190200412},
  doi       = {10.1002/jgt.3190200412},
  timestamp = {Fri, 02 Oct 2020 14:38:51 +0200},
  biburl    = {https://dblp.org/rec/journals/jgt/DingO95.bib},
  bibsource = {dblp computer science bibliography, https://dblp.org}
}
